@incollection{salomon1993,
      author = "Gavriel Salomon",
      keywords = "rulesfortools",
      title   = "On the Nature of Pedagogic Computer Tools: The Case of the Writing Partner",
      booktitle = "Computers as Cognitive Tools",
      editor = "Susanne P. Lajoie and Sharon J. Derry",
      year    = 1993,
      pages   = "179--196",
      publisher = "New York, London: Routledge"
}
